{
    "total_historical_sales": 8393215.11,
    "total_forecast_sales": 7749263.51,
    "avg_historical_monthly_sales": 699434.59,
    "avg_forecast_monthly_sales": 1291543.92,
    "percentage_change_avg_monthly_sales": 84.66,
    "highest_forecast_sales_month": {
        "date": "2012-05-31",
        "sales": 1376688.92
    },
    "lowest_forecast_sales_month": {
        "date": "2011-12-31",
        "sales": 1179782.6
    },
    "historical_sales_data": [
        {
            "Date": "2010-12-31",
            "Sales": 572713.89
        },
        {
            "Date": "2011-01-31",
            "Sales": 569445.04
        },
        {
            "Date": "2011-02-28",
            "Sales": 447137.35
        },
        {
            "Date": "2011-03-31",
            "Sales": 595500.76
        },
        {
            "Date": "2011-04-30",
            "Sales": 469200.361
        },
        {
            "Date": "2011-05-31",
            "Sales": 678594.56
        },
        {
            "Date": "2011-06-30",
            "Sales": 661213.6900000001
        },
        {
            "Date": "2011-07-31",
            "Sales": 600091.011
        },
        {
            "Date": "2011-08-31",
            "Sales": 645343.9
        },
        {
            "Date": "2011-09-30",
            "Sales": 952838.382
        },
        {
            "Date": "2011-10-31",
            "Sales": 1039318.79
        },
        {
            "Date": "2011-11-30",
            "Sales": 1161817.38
        }
    ],
    "forecast_sales_data": [
        {
            "Date": "2011-12-31",
            "Sales": 1179782.59905594
        },
        {
            "Date": "2012-01-31",
            "Sales": 1201667.1069236204
        },
        {
            "Date": "2012-02-29",
            "Sales": 1305743.395156206
        },
        {
            "Date": "2012-03-31",
            "Sales": 1326739.7279210098
        },
        {
            "Date": "2012-04-30",
            "Sales": 1358641.7609481202
        },
        {
            "Date": "2012-05-31",
            "Sales": 1376688.923053217
        }
    ]
}